<record><leader>00000cas a2200000 a 4500</leader><controlfield tag="001">26473161</controlfield><controlfield tag="007">hd afu---bucu</controlfield><controlfield tag="008">920824d19181919scudn nea     0   a0eng d</controlfield><datafield ind1=" " ind2=" " tag="010"><subfield code="a">sn 93067765 </subfield></datafield><datafield ind1=" " ind2=" " tag="040"><subfield code="a">SGR</subfield><subfield code="b">eng</subfield><subfield code="c">SGR</subfield><subfield code="d">SVN</subfield><subfield code="d">OCL</subfield><subfield code="d">OCLCQ</subfield></datafield><datafield ind1=" " ind2=" " tag="042"><subfield code="a">msc</subfield></datafield><datafield ind1="0" ind2=" " tag="092"><subfield code="a">071.5733</subfield><subfield code="2">20</subfield></datafield><datafield ind1="0" ind2=" " tag="130"><subfield code="a">Evening index (Greenwood, S.C.)</subfield></datafield><datafield ind1="1" ind2="4" tag="245"><subfield code="a">The evening index</subfield><subfield code="h">[microform].</subfield></datafield><datafield ind1=" " ind2=" " tag="260"><subfield code="a">Greenwood, S.C. :</subfield><subfield code="b">Index Pub. Co.</subfield></datafield><datafield ind1=" " ind2=" " tag="310"><subfield code="a">Daily (except Sun.)</subfield></datafield><datafield ind1="0" ind2=" " tag="362"><subfield code="a">Vol. 21, no. 73 (Jan. 31, 1918) - v. 21, no. 85 (Feb. 14, 1918) ; v. 1, no. 29 (Feb. 15, 1918) - v. 2, no. 20 (Feb. 5, 1919).</subfield></datafield><datafield ind1=" " ind2="4" tag="651"><subfield code="a">Greenwood County (S.C.)</subfield><subfield code="v">Newspapers.</subfield></datafield><datafield ind1=" " ind2=" " tag="752"><subfield code="a">United States</subfield><subfield code="b">South Carolina</subfield><subfield code="c">Greenwood</subfield><subfield code="d">Greenwood.</subfield></datafield><datafield ind1="0" ind2="0" tag="780"><subfield code="t">Greenwood index</subfield><subfield code="w">(DLC)sn 93067746</subfield></datafield><datafield ind1="0" ind2="7" tag="785"><subfield code="t">Greenwood daily journal</subfield><subfield code="w">(DLC)sn 93067758</subfield></datafield><datafield ind1="0" ind2="7" tag="785"><subfield code="t">Index-journal (Greenwood, S.C.)</subfield><subfield code="w">(DLC)sn 84009394</subfield></datafield><datafield ind1="1" ind2=" " tag="029"><subfield code="a">AU@</subfield><subfield code="b">000020734954</subfield></datafield></record>